5209 6217
1239 576 1855 666 ...4.....,

530 803 757 904 diligenter,
791 809 963 870 accurate
997 807 1035 866 et
1067 786 1264 890 perspicue
1288 786 1570 894 ponderantur,
1605 783 1654 858 ad
1689 807 1847 885 eamque
1879 789 1990 864 velut
2014 783 2186 868 amuffim
2210 790 2280 868 do·

398 921 403 930 ’
531 941 680 998 ctorum
715 915 953 992 coniecturae
987 929 1024 984 et
1057 906 1391 1003 interpretationes
1429 904 1660 1002 exiguntur,
1717 903 1807 978 satis
1831 907 1935 982 valet
1958 910 2055 983 haec
2073 911 2202 1009 πρᾶξις
2226 912 2276 987 ed

533 1035 841 1136 consequendum
868 1031 922 1118 id,
950 1029 1055 1126 quod
1080 1027 1274 1112 volumus,
1301 1041 1348 1096 ut
1371 1022 1620 1119 impellantur
1636 1041 1944 1122 mouenturque
1969 1025 2127 1126 ingenie
2152 1027 2282 1104 adole·

465 1159 474 1178 '
533 1156 740 1240 scentiam,
767 1139 973 1247 factique'
961 1175 1004 1220 ιιι
1029 1143 1161 1218 studiis
1187 1140 1398 1242 progreffus
1424 1140 1683 1247 explorentur.
1722 1144 1909 1214 Harum
1896 1144 2018 1244 igitur
2042 1144 2286 1220 exercitatio·

499 1359 503 1368 .
532 1299 652 1360 num,
688 1293 780 1368 quas
814 1267 859 1341 in
881 1261 1021 1340 scholis
1057 1261 1307 1363 agitavimus,
1345 1251 1496 1356 aliquot
1531 1257 1738 1356 specimina
1770 1283 1987 1356 proponere
2019 1262 2097 1337 hoc
2128 1264 2282 1354 libello,

533 1417 610 1491 quo
644 1390 858 1463 scholarum
897 1379 1109 1460 nostrarum
1156 1382 1254 1456 ratio
1290 1379 1550 1479 intelligatur,
1592 1376 1656 1452 his
1697 1377 1939 1476 temporibus
1977 1383 2283 1460 cousentaneum

535 1505 758 1586 existimavi.
1417 1487 1422 1498 ’
1518 1487 1523 1495 ’
1840 1485 1847 1498 ’
2059 1485 2065 1495 ’
2116 1485 2121 1494 ’

1210 1600 1292 1676 Lib.
1320 1607 1354 1674 I.
1392 1599 1503 1698 Eieg.
1531 1601 1609 1671 IV.

637 1764 918 1862 Argumentum
942 1757 1060 1830 huius
1087 1751 1266 1829 canninis
1292 1752 1390 1825 bene
1414 1748 1618 1824 declaravit
1637 1767 1861 1849 praeceptor
1884 1753 2083 1851 quondam
2106 1775 2216 1830 meua
2237 1753 2283 1830 in

536 1883 665 1958 schole
698 1873 886 1966 Portenii,
922 1877 968 1948 de
1007 1873 1241 1948 iuvenilibus
1276 1867 1406 1942 studiis
1440 1869 1535 1940 meis
1570 1893 1671 1942 unus
1708 1870 1885 1943 omnium
1919 1871 2068 1968 optime
2104 1871 2280 1965 meritus,

385 1987 393 1996 ’
535 2001 640 2082 frid.
669 1999 786 2072 Gottl.
812 1995 1009 2068 Barthius·
1061 1989 1315 2086 P„ropertius
1343 1982 1431 2086 (ait)
1458 1983 1608 2058 Bellum
1634 1984 1832 2087 obiurgat,
1860 1991 1965 2086 quod
1990 1989 2026 2063 le
2052 1991 2283 2084 acynthire

538 2141 669 2194 rmore
695 2131 855 2190 conetur
880 2113 1085 2219 abducerer
1111 2106 1222 2181 fimul
1248 2102 1498 2180 frustraneum
1530 2106 1637 2178 hunc
1662 2101 1733 2176 elle
1758 2126 1940 2181 conatum
1964 2124 2101 2181 monet
2124 2125 2284 2206 propter

540 2237 706 2310 summas
734 2231 919 2325 Cynthiae
944 2213 1117 2314 virtutes,
1145 2225 1286 2322 quibus
1312 2225 1349 2297 ei
1372 2224 1481 2296 nullu
1507 2218 1552 2294 Iit
1576 2221 1760 2296 fimilirss
1808 2229 1859 2300 In
1881 2224 1942 2301 hia
1966 2225 2183 2325 virtutibus·
2205 2225 2284 2326 pti·

539 2379 649 2432 mum
670 2351 844 2454 sennam
868 2349 1039 2446 puellae,
1067 2345 1202 2419 deinde
1227 2345 1377 2416 ιιιιιίοιιι
1404 2336 1588 2440 quaedam
1610 2338 1790 2416 recenset.

1212 2522 1324 2594 V.
1353 2539 1535 2594 tt-t.

851 2661 960 2730 Ηιιιι
975 2649 1048 2760 sed
1068 2652 1204 2754 sonno
1228 2653 1302 2726 mei
1326 2679 1418 2750 pars
1443 2534 1694 2752 est4ecctremo
1715 2610 1888 2756 furerist
2004 2695 2008 2700 ·
2122 2602 2126 2611 Ι
2161 2719 2165 2727 .

974 2779 1073 2848 Sunt
1092 2775 1252 2859 maiora,
1281 2770 1424 2868 quibus,
1452 2761 1581 2870 Boffe,
1605 2773 1727 2868 perire
1752 2773 1873 2846 ιἰιιιιιι.
1966 2815 1971 2822 -

848 2897 1040 2993 Ingenuus
1070 2915 1221 2976 conon,
1250 2903 1287 2962 et
1312 2890 1441 2960 inultis
1466 2889 1577 2962 decus
1601 2887 1755 2977 ortibus,
1782 2902 1821 2964 et
1845 2909 1946 2988 quoe

982 3011 1133 3084 Gaudio
1153 3001 1229 3110 sub
1257 3009 1375 3079 tacito
1401 3007 1533 3079 ducere
1555 2998 1654 3104 ueste
1674 3005 1773 3081 liber.

649 3165 761 3240 Parti
786 3156 978 3238 ἑιιιιιιιιαι
991 3161 1162 3262 furoris,
1197 3161 1234 3233 h.
1261 3183 1292 3232 e.
1319 3157 1480 3231 ultimae
1503 3155 1667 3255 ideoque
1705 3157 1890 3232 minimae
1914 3154 2154 3234 vehementis
2179 3179 2287 3234 tmo-

543 3283 616 3374 ris,
636 3307 752 3381 quem
777 3281 820 3354 in
843 3279 975 3377 formo
1001 3279 1094 3353 dicit
1119 3278 1279 3374 politam
1306 3273 1388 3363 elie,
1416 3294 1589 3373 apertum
1615 3273 1665 3350 est
1691 3277 1839 3374 opponi
1863 3280 2024 3386 ιιιιιίοιιι,
2053 3277 2192 3376 quibua
2203 3299 2288 3375 perr·

408 3409 412 3414 ’
544 3407 598 3477 ire
630 3400 723 3474 odeo
759 3400 875 3473 iuvet.
927 3403 974 3470 In
1012 3397 1073 3470 his
1119 3413 1245 3468 autem
1280 3411 1479 3468 enumerat
1513 3397 1716 3493 ingenuum
1749 3395 1924 3470 colorem.
1977 3396 2051 3470 Sed
2082 3398 2117 3470 is
2152 3395 2286 3470 minor

542 3521 682 3618 potius
702 3515 827 3590 forml
855 3515 1062 3588 censendus
1089 3507 1149 3602 est,
1177 3511 1248 3585 nist
1274 3511 1323 3585 ad
1346 3512 1468 3608 ipsam
1492 3509 1659 3584 formam
1663 3513 1862 3608 pertinet.
1905 3514 1963 3588 Ac
1986 3514 2156 3612 pertinet
2179 3511 2286 3588 haud
2348 3497 2353 3507 ¹

543 3637 670 3710 dubie.
706 3641 807 3708 Nam
832 3635 964 3730 paullo
990 3647 1078 3706 anto
1106 3633 1161 3724 (v.
1188 3633 1231 3723 7)
1258 3630 1479 3726 Propertius
1506 3641 1554 3703 ex
1567 3621 1734 3730 somtofi
1758 3635 1936 3745 temporis
1962 3648 2089 3708 aetate
2111 3633 2288 3730 exempla

541 3756 768 3853 puellarum,
797 3775 892 3849 quae
918 3751 1081 3823 omnino
1107 3749 1156 3823 ob
1183 3749 1484 3846 pulcritudinem
1509 3739 1625 3820 ess'ent
1650 3737 1863 3839 celebratae,
1890 3747 2141 3852 licettuleret,
2165 3768 2287 3825 utco-
2385 3841 2389 3846 ι

542 3875 666 3946 Ιοιιιιι
693 3897 714 3945 ιι
740 3869 863 3944 forma
888 3893 970 3942 non
997 3866 1260 3966 distingueret
1312 3865 1479 3953 Accedit,
1508 3867 1611 3964 quod
1637 3868 1803 3941 colorh.
1828 3871 1856 3942 l.
1881 3895 1967 3943 non
1993 3867 2083 3944 satis
2105 3869 2288 3970 congruit

544 3991 671 4065 decori.
691 3990 821 4062 multis
849 3985 994 4058 ortibus
1018 3985 1196 4083 quaelito.
1249 3986 1405 4059 Etenim
1430 4001 1538 4071 artes,
1566 4007 1658 4083 quas
1684 3986 1729 4058 in
1755 3986 1922 4080 Cynthia
1948 3985 2038 4077 sua,
2071 3989 2119 4061 ab
2153 3978 2288 4087 illustri

545 4134 618 4182 ovo
646 4111 714 4198 (ΙΙ,
745 4127 804 4193 13,
835 4106 900 4196 ro)
928 4119 1115 4202 prognata
1143 4105 1295 4193 (verum
1321 4108 1469 4199 puellae
1494 4101 1684 4202 ingenuae
1709 4129 1855 4178 nomen
1883 4095 2288 4204 Hofiieefuiffevete·
2340 4199 2343 4204 Ι

542 4251 602 4300 ιιι
629 4209 826 4317 testantur)
851 4237 964 4318 poeta
990 4222 1130 4308 laudat,
1157 4245 1217 4294 ers
1243 4224 1424 4295 cantandi
1448 4221 1632 4323 limulque
1658 4224 1836 4296 ιιιιιιιὶιιίι
1856 4225 2053 4323 pangendi
2070 4226 2122 4315 (Ι,
2148 4247 2193 4312 ιι,
2221 4245 2286 4317 27.

542 4344 631 4417 coll.
658 4349 795 4437 I,.1,9
823 4357 860 4412 et
888 4362 922 4428 3,
954 4341 1135 4436 19-22),
1163 4341 1324 4412 iucunde
1348 4355 1385 4415 et
1409 4367 1496 4413 cum
1519 4341 1847 4442 gratiasloquerrdi
1873 4341 1922 4431 (Ι,
1950 4365 1987 4428 ι,
2014 4336 2095 4438 ep),
2113 4335 2289 4446 saltandi

541 4462 608 4558 (ΙΙ,
638 4481 676 4551 3,
704 4463 784 4549 17),
813 4458 965 4531 texendi
992 4460 1042 4548 (1.
1071 4479 1106 4545 3,
1133 4459 1216 4551 ιι),
1243 4475 1341 4532 artes
1367 4459 1487 4558 igitur
1512 4459 1613 4546 illae,
1641 4457 1840 4556 quaeipsis
1871 4463 2191 4557 Venus'quosque
2207 4461 2288 4536 Mi·

542 4603 662 4652 nerva
674 4575 835 4673 probare
860 4573 1041 4648 dicuntur
1069 4577 1115 4668 (Ι,
1146 4599 1180 4662 o,
1211 4577 1291 4666 50),
1319 4578 1427 4650 decus
1453 4574 1674 4674 efficiebant,
1704 4577 1808 4673 quod
1834 4577 1921 4650 sane
1945 4576 2072 4652 forma
2096 4576 2222 4652 maius
2233 4576 2289 4651 el·

544 4695 611 4782 set,
639 4712 677 4768 et
703 4695 765 4766 cui
792 4695 894 4766 color
918 4717 1055 4788 parum
1082 4710 1167 4791 apte
1193 4692 1473 4794 adiungeretur.
1525 4699 1617 4768 Non
1642 4709 1743 4766 recte
1774 4696 2045 4768 Lachmannus
2067 4689 2150 4792 post
2172 4699 2289 4768 Bent-

541 4813 664 4889 leium
689 4809 756 4906 (ad
781 4818 914 4914 Horat.
952 4817 1004 4888 tv
1032 4813 1101 4887 Od.
1136 4833 1192 4902 13,
1223 4809 1286 4913 17)
1315 4812 1551 4911 comparavit
1576 4813 1853 4888 Terentianum
1887 4814 1988 4888 illud
2019 4813 2213 4910 (Eunuch.
2237 4816 2288 4902 ΙΙ,
