5209 6217
1296 595 1698 697 ..s-0

590 815 738 915 linquit,
764 809 834 886 ubi
857 831 909 882 ne
935 805 1139 902 decedente
1164 773 1320 904 quidem
1343 821 1459 878 nocte
1485 801 1599 900 sopor
1623 801 1757 878 felium
1774 822 1947 903 occupat.
1972 801 2060 882 Nec
2078 823 2231 896 mutere,
2248 801 2335 905 opi·

467 1025 470 1032 ¹
588 959 676 1022 nor,
696 932 804 1008 ocelli
810 931 959 1028 puellae
968 945 1007 998 et
1022 926 1194 1002 virorum
1203 921 1287 1025 feri
1307 925 1425 994 animi
1442 922 1512 996 libi
1525 940 1787 1020 opponuntur.
1813 925 2055 1000 Probabilior
2071 944 2170 1000 certe
2181 927 2335 1002 videtur

590 1055 810 1132 coniectum
834 1047 896 1137 iis,
924 1069 1020 1147 quae
1045 1043 1167 1116 adhuc
1194 1041 1239 1114 in
1265 1039 1439 1114 medium
1464 1045 1598 1114 allatae
1623 1040 1724 1115 lunt
1766 1048 1871 1118 Nam
1896 1045 2001 1142 quod
2025 1044 2285 1136 coniecenmt,

465 1319 471 1326 Ι
973 1209 1160 1292 Non-tibi
1187 1213 1267 1286 ιάιιι
1281 1204 1438 1318 somnos
1461 1212 1565 1284 irato
1590 1211 1773 1311 relinquet
1796 1214 1935 1304 ocellis,
1999 1294 2004 1300 ,

592 1341 659 1470 aut
976 1419 1066 1494 Non
1079 1413 1148 1489 tibi
1168 1418 1246 1490 iam
1257 1408 1418 1517 somnus
1433 1429 1549 1490 noctu
1568 1411 1766 1488 inclinabit
1781 1417 1932 1507 ocellos,
2144 1515 2151 1524 .

592 1595 810 1674 utrumque,
837 1565 981 1644 etiamli
1008 1569 1116 1644 Gallo
1144 1569 1280 1642 ocellos
1293 1592 1387 1640 non
1412 1564 1676 1657 invideamus,
1709 1586 1857 1658 mmen,
1891 1565 1988 1644 licut
2021 1585 2123 1645 recte
2155 1567 2345 1652 iudicavit

593 1705 852 1780 Burmannus,
878 1711 900 1764 a
925 1683 1090 1787 vestigiis
1115 1703 1287 1784 receptae
1310 1683 1493 1760 lectionis
1518 1686 1688 1759 nimium
1711 1687 1864 1764 recedit.

1244 1883 1705 1914 ffi-

697 2066 770 2145 Sed
786 2064 986 2138 mittamus
1010 2064 1103 2138 haec
1120 2059 1235 2150 levia,
1260 2077 1308 2135 ut
1326 2085 1482 2162 gravem
1498 2057 1730 2159 proludendi
1745 2063 1839 2138 haec
1857 2057 2093 2140 occasionem
2109 2077 2347 2142 commem&

596 2211 735 2268 remus.
773 2191 1015 2282 Quemquam
1035 2206 1119 2256 eam
1136 2182 1181 2254 in
1197 2180 1278 2276 ipsa
1295 2179 1426 2256 fronte
1445 2180 1571 2253 libelli
1583 2183 1663 2255 iam
1688 2181 1958 2260 indicavimus.
1992 2189 2094 2258 Nam
2124 2209 2247 2283 quum
2262 2209 2347 2257 rur·

596 2311 660 2385 lus
676 2303 860 2382 solemnia
878 2297 1041 2387 instent,
1071 2326 1118 2375 ex
1132 2295 1308 2372 instituto
1325 2298 1595 2392 Lynekeriano
1622 2300 1668 2372 in
1684 2301 1912 2382 memoriam
1930 2299 2171 2400 Augustanus
2187 2299 2348 2384 Confes-
2419 2288 2420 2293 ¹

596 2411 714 2500 lionis
731 2423 804 2495 rite
820 2418 1051 2518 peragenda:
1078 2417 1220 2490 iterum
1240 2416 1358 2490 nobis
1379 2417 1423 2488 in
1444 2417 1647 2514 publicum
1672 2419 1942 2514 producendus
1967 2417 2019 2494 eft
2043 2421 2104 2495 vir
2130 2414 2349 2494 clariffimus

598 2561 638 2620 et
674 2535 926 2624 doctillimus,
962 2543 1142 2624 Canonvs
1169 2541 1401 2610 Lvnovrcvs
1438 2539 1685 2611 Vrnsaunnvs
1724 2541 1957 2628 Gurrnmrvs,
1992 2535 2181 2626 lenenlis,
2217 2539 2348 2612 Philo·

597 2659 753 2758 sophiae
786 2659 936 2728 Ductor
967 2671 1007 2727 et
1025 2653 1260 2752 Theologiae
1303 2651 1593 2735 Baccalaureue,
1629 2651 1734 2726 idem
1758 2655 1988 2756 ille,'quem
2013 2656 2196 2731 antehoc
2219 2654 2350 2753 ipsum

598 2775 826 2863 biennium,
853 2797 974 2869 quum
997 2770 1176 2845 beneficii
1195 2769 1457 2864 Lynclreriani
1480 2771 1561 2871 legi
1585 2787 1714 2845 orator
1737 2771 1989 2861 satisfaceret,
2015 2774 2147 2848 eadem
2164 2775 2210 2847 in
2228 2771 2349 2848 caulla

599 2891 968 2976 commendavimus.
1020 2889 1156 2985 Coepit
1181 2887 1248 2960 ille
1266 2913 1315 2960 ex
1338 2890 1413 2962 hoc
1437 2905 1611 2985 tempore
1634 2875 1721 2964 tum
1757 2888 1908 2990 scriptis
1933 2891 1979 2964 in
2001 2893 2129 2967 lucem
2154 2873 2268 2968 editis
2293 2891 2350 2965 its

508 3050 512 3056 ·
598 3001 863 3100 inclarescere,
897 3024 984 3080 tum
1017 3005 1157 3080 scholis
1192 3004 1377 3084 habendis
1411 3007 1459 3078 de
1491 3007 1683 3082 academia
1715 3004 1843 3082 nostru
1878 3026 1961 3084 tam
1996 3009 2094 3114 bene
2119 2987 2275 3097 mereri,
2303 3027 2350 3085 ut

484 3151 487 3160 ’
599 3153 702 3214 nova
727 3129 806 3201 iam
830 3149 914 3200 non
939 3124 1115 3226 indigeat
1140 3125 1485 3212 commendatione,
1512 3125 1583 3223 qui
1598 3126 1642 3198 in
1660 3127 1897 3224 exsequendo
1917 3150 1976 3216 eo,
2002 3111 2110 3226 quod
2125 3128 2350 3222 Lynekerus

598 3245 789 3334 instituit,
815 3243 880 3318 sus
903 3241 974 3316 fibi
993 3241 1136 3318 virtute
1161 3259 1200 3316 et
1224 3243 1337 3316 laude
1362 3241 1598 3316 audientiam
1621 3242 1796 3318 facturus
1822 3243 1881 3318 fit.
1931 3244 2068 3344 Itaque
2082 3243 2204 3320 moris
2225 3247 2350 3344 magis

601 3385 642 3444 et
667 3361 783 3450 officii
815 3363 930 3461 quam
952 3353 1175 3464 neceliitatis
1197 3357 1318 3434 caulis
1340 3362 1418 3434 hoc
1448 3361 1617 3460 agimus,
1651 3379 1814 3451 utros,
1840 3368 2082 3438 Paoucron
2106 3341 2353 3454 licentiarum

585 3489 861 3580 ,Manum-ren,
891 3485 1079 3562 Cunaron
1104 3477 1424 3562 Innvsrnrssuuu.
1451 3484 1722 3556 Pnosussonus
1747 3505 1796 3553 ne
1814 3484 2028 3556 Doce-onus
2055 3485 2351 3570 crumenarum,

549 3627 553 3637 “
602 3619 642 3678 et
671 3600 904 3698 quicumque
932 3593 1046 3668 rebus
1075 3594 1295 3668 academicis
1322 3592 1454 3669 adestis
1475 3619 1518 3668 ac
1539 3592 1698 3686 favetis,
1726 3597 2008 3671 adorationem
2033 3599 2264 3673 audiendam
2291 3601 2353 3673 in·

603 3719 792 3802 vitemus,
820 3739 895 3812 qua
922 3719 1157 3801 Garnnrvs,
1184 3714 1384 3812 prorogati
1407 3711 1479 3787 fibi
1504 3738 1655 3788 memor
1685 3712 1885 3803 beneficii,
1911 3716 1958 3790 de
1984 3719 2141 3791 Ioannis
2166 3718 2353 3814 Stuupitii

605 3841 644 3912 iu
671 3831 888 3942 sacrorum
913 3817 1230 3924 christianornm
1245 3821 1557 3930 instaurationem
1585 3835 1729 3906 meritis
1765 3831 1827 3906 die
1860 3858 1945 3906 xxx
1970 3833 2070 3907 Maii
2099 3834 2195 3908 hora
2225 3859 2271 3908 ιι
2303 3833 2361 3940 irs¹

605 3957 752 4050 templo
778 3949 959 4024 Paullino
984 3967 1163 4046 exponet
1215 3948 1331 4021 Haud
1354 3951 1523 4050 vulgetis
1549 3947 1602 4024 est
1627 3950 1779 4025 dicendi
1803 3952 2001 4039 materies,
2029 3949 2122 4042 scite
2147 3951 2290 4026 delecta
2303 3951 2351 4024 ab

607 4099 672 4160 eo,
701 4071 768 4169 qui
793 4068 1010 4166 theologiae
1036 4063 1204 4160 studium
1230 4091 1320 4140 cum
1344 4067 1568 4141 litterarumv
1593 4069 1838 4166 antiquarum
1871 4070 2058 4171 elegantia
2090 4069 2354 4166 lampacem·
2414 4107 2420 4114 ·

606 4189 758 4268 iunxit:
785 4211 806 4260 a
833 4211 910 4284 quo
938 4209 1059 4282 quum
1085 4185 1202 4285 dignu
1229 4184 1342 4258 cultis
1369 4185 1523 4260 auribus
1549 4184 1798 4283 exspectanda
1816 4184 1863 4260 fit
1874 4186 2092 4288 argumenti
2111 4183 2352 4284 compofitio,

606 4306 802 4395 tractatio,
831 4303 1051 4402 eloquutio,
1083 4327 1134 4376 ne
1159 4327 1230 4382 vos
1250 4303 1406 4402 quidem
1424 4303 1686 4393 committatis,
1707 4310 1993 4384 Hvrnsnrsssuns
2020 4311 2354 4394 eonmmrones,

608 4446 654 4504 ut
681 4424 765 4500 soli·
779 4421 940 4522 parietes
954 4419 1272 4534 'templiaudille
1298 4438 1489 4496 oratorem
1513 4419 1703 4498 dicantur.

1198 4735 1768 4774 -υυ--ψ--ι-α
