5209 6217
198 823 200 826 ’
307 827 462 929 mm:
496 823 601 933 Quid
626 839 694 898 tua
719 797 1038 931 iftaeefNoua
1056 815 1242 923 figura
1269 822 1382 893 oris.
1421 821 1565 917 Papae.
1608 821 1727 896 Color
1757 826 1890 910 vaus,
1917 837 2052 919 carpus

300 941 470 1052 solidum
496 961 533 1019 et
551 937 658 1047 succi
684 939 848 1039 plenum.
904 945 989 1037 Quo
1016 939 1058 1012 in
1086 941 1173 1010 loco
1201 939 1307 1012 color
1329 963 1403 1010 nec
1428 935 1897 1049 distinguitura'formo,
1926 963 2052 1036 neque

303 1065 340 1140 ei
365 1063 628 1162 anteponitur,
651 1059 731 1147 sed,
759 1057 1119 1156 tamquam'species
1147 1055 1298 1156 generi,
1327 1053 1541 1130 subiicitur.
1594 1056 1858 1156 Quamobrem
1885 1057 2052 1134 scriben-

203 1211 208 1226 ·
300 1183 392 1260 rium
418 1199 537 1280 puto:

399 1304 592 1399 Ingenuus
617 1319 767 1386 canon,
795 1307 832 1368 et
855 1293 988 1368 multis
1014 1295 1125 1368 decus
1153 1289 1307 1368 ortibus
1334 1310 1406 1368 cet.

301 1420 436 1502 eodem
461 1415 585 1504 sensu,
613 1438 691 1512 quo
717 1413 937 1510 Propertius
962 1439 1094 1538 aarum
1121 1415 1286 1498 calorem
1312 1413 1413 1487 dixit
1436 1415 1505 1500 111,
1533 1431 1569 1502 8,
1596 1433 1642 1512 92

407 1651 417 1662 ,
556 1569 749 1662 Nimirum
773 1567 878 1638 veri
904 1566 1044 1638 dantur
1068 1565 1160 1638 mihi
1179 1556 1297 1666 figna
1324 1564 1530 1638 caloris:

515 1702 519 1710 '
658 1690 766 1760 Nam
795 1675 881 1784 stne
906 1709 1034 1757 amore
1057 1686 1172 1784 gravi
1186 1679 1342 1783 femina
1367 1682 1474 1754 nulla
1501 1681 1617 1768 dolet.
1742 1773 1748 1782 ἢ

303 1826 309 1911 ’.
367 1791 459 1914 ita
486 1840 651 1912 calorem
676 1836 792 1908 etiam
819 1836 914 1909 alibi
938 1833 1160 1930 [impliciter
1183 1817 1314 1930 posuit
1329 1835 1377 1907 de
1398 1857 1547 1906 amarer
1582 1836 1614 1921 Ι,
1635 1856 1698 1922 ra,
1719 1853 1780 1914 ιτ.
1813 1837 1864 1918 Π.
1894 1856 1956 1926 15,
1992 1856 2051 1926 35.

303 1967 518 2060 Ingenuum
545 1980 726 2037 amorem,
752 1953 816 2027 sed
843 1955 919 2027 alio
945 1953 1068 2040 sensu,
1095 1952 1194 2026 dixit
1220 1952 1406 2066 leoratiua
1431 1957 1452 2026 Ι
1477 1953 1548 2026 Od.
1575 1955 1722 2044 27,16.

985 2119 1068 2196 Lib.
1096 2129 1131 2196 1.
1167 2121 1283 2222 Eteg.
1318 2126 1370 2196 V.

303 2279 308 2286 ’
403 2277 639 2378 Obiurgatur
663 2277 737 2351 hoc
764 2274 934 2349 carmine
960 2274 1112 2361 Gallus,
1153 2273 1220 2370 qui
1252 2270 1329 2348 five
1362 2272 1513 2348 invidia
1546 2287 1587 2347 et
1619 2273 1875 2347 aemulatione
1900 2271 2049 2357 ductus.
2089 2313 2093 2320 -

298 2393 375 2472 five
400 2414 446 2469 ut
470 2398 713 2493 Propertium
743 2393 1061 2480 calumniaretur,
1099 2391 1288 2485 Cynthiae
1323 2415 1492 2465 amorem
1528 2389 1749 2488 appetebat,
1784 2391 1847 2464 cui
1878 2387 2050 2476 ferendo,

297 2532 459 2614 propter
484 2537 609 2586 mores
636 2513 797 2609 puellae,
827 2511 883 2584 sat
909 2510 1089 2610 cognitos
1116 2525 1262 2606 poetae,
1290 2535 1340 2584 ne
1364 2533 1434 2607 par
1460 2509 1617 2607 quidem
1643 2527 1733 2582 erat.
1767 2505 1921 2582 Solebat
1946 2507 2052 2579 enim

299 2633 371 2708 illa
397 2655 578 2708 exacuere
612 2629 788 2726 superbia
822 2646 862 2704 et
896 2627 1118 2704 exacerbare
1155 2651 1337 2703 amorem.
1390 2633 1499 2727 Quae
1534 2625 1736 2705 sententia
1752 2625 1838 2728 ipso
1872 2623 2053 2702 carminis

302 2749 423 2829 initio
450 2747 615 2848 expressa
639 2743 713 2824 estc

1065 2889 1112 2964 V.
1150 2905 1286 2980 1-8.

607 3019 758 3127 lucide,
785 3033 828 3094 tu
854 3020 1010 3096 tandem
1032 3047 1142 3097 voces
1167 3009 1362 3124 compesce
1385 3005 1603 3119 molestas‚.

710 3146 765 3214 Et
779 3130 863 3240 fine
886 3165 954 3214 uos
981 3134 1107 3242 cursu,
1135 3165 1209 3236 quo
1229 3133 1378 3241 suenus,
1407 3139 1461 3210 ire
1483 3161 1605 3236 paret.

614 3258 718 3364 puid
745 3255 813 3329 tibi
838 3259 908 3343 uis,
936 3245 1093 3354 insane?
1127 3281 1250 3334 meos
1269 3249 1413 3357 sentire
1433 3253 1623 3352 furores?

710 3373 868 3472 Infelix,
894 3397 1078 3472 properas
1103 3371 1240 3446 ultima
1266 3366 1367 3476 uoffe
1396 3375 1514 3461 mala,
1623 3470 1625 3475 Ι

607 3497 664 3570 Et
696 3487 806 3596 miser
839 3496 991 3593 ignotos
1026 3481 1190 3592 vestigia
1213 3490 1323 3590 ferre
1355 3516 1425 3588 per
1462 3492 1591 3592 ignes,
1638 3565 1663 3577 ,,

712 3615 769 3685 Et
796 3609 964 3684 hiberae
989 3608 1071 3683 tota
1097 3612 1230 3683 toxica
1258 3602 1460 3711 Theffalia.

615 3727 707 3804 Non
740 3719 791 3825 est
829 3727 899 3800 illa
928 3728 1047 3828 uagis
1072 3719 1231 3830 fimilis,
1269 3728 1434 3816 collata,
1464 3722 1626 3823 puellis)

713 3845 889 3954 Molliter
914 3839 1025 3948 irasci
1050 3871 1127 3933 uon
1143 3839 1247 3952 solet
1269 3846 1337 3918 itta
1377 3871 1488 3920 uret.

407 4015 519 4089 Meos
546 4035 695 4087 amores
718 4035 757 4088 v.
785 4033 808 4104 3
834 4029 936 4088 recte
961 4014 1421 4112 explicant·vehementea
1450 4011 1592 4088 amorio
1617 4007 1830 4101 cmciatua,
1857 4031 1956 4116 quoa
1980 4033 2055 4112 ego

301 4129 450 4218 sentio,
487 4148 532 4203 ut
557 4135 596 4218 1,
632 4135 676 4219 6,
711 4153 761 4220 aa
796 4123 940 4230 nostros'
969 4131 1142 4224 labores,
1177 4151 1215 4207 et
1247 4131 1661 4232 apud-natumnatum
1686 4131 2000 4230 epigr.‘XXXII,
2030 4153 2075 4203 ι·

271 4244 326 4348 ,ἦ
352 4247 396 4348 pi
422 4275 460 4322 ae
486 4251 614 4346 ieiuna
641 4243 763 4349 Οὓμὸς
790 4249 889 4342 ἔχω
915 4251 1020 4349 quod
1045 4244 1317 4326 Valckenarius
1342 4247 1547 4324 illustrauit
1570 4248 1615 4323 in
1638 4248 1902 4322 Callimacheie
1925 4272 1966 4346 p.
1990 4266 2054 4336 23.

302 4368 377 4443 sed
411 4367 685 4441 Lachmannua
717 4391 842 4463 nuper
874 4370 991 4442 rediit
1031 4369 1079 4442 ad
1109 4365 1387 4444 ³Hemsterhufii
1433 4365 1734 4442 correctionemr
1774 4391 1889 4441 murt
1915 4359 2075 4470 sentire

147 4473 154 4480 ’
298 4484 462 4588 furores,
489 4485 588 4557 iram
615 4484 803 4578 Cynthiae
827 4483 1031 4584 fignificari
1055 4505 1171 4563 ratus.
1207 4483 1289 4561 Iam
1314 4485 1343 4560 fi
1367 4485 1554 4584 loquendi
1577 4486 1690 4598 usum
1715 4483 1939 4584 spectamus,
1965 4505 2054 4581 pro-

302 4625 452 4677 nomen
485 4625 590 4677 meae
614 4601 836 4698 srmpliciter
860 4601 910 4678 lic
945 4603 1045 4702 poni
1078 4617 1194 4680 n'emo
1221 4606 1394 4694 dubitet,
1430 4621 1477 4677 ut
1501 4619 1571 4677 tua
1596 4628 1656 4700 ap.
1675 4609 1819 4680 Horat.
1844 4609 1865 4676 Ι
1890 4599 1964 4675 oa.
1995 4621 2054 4690 15,
2209 4595 2214 4604 ’

304 4743 367 4830 uu.
392 4721 453 4814 rip
481 4720 560 4818 ἐμήν
578 4717 797 4796 Aristaenet.
823 4727 854 4810 Ι,
883 4745 917 4796 1.
944 4745 983 4818 p.
1012 4727 1036 4798 6
1048 4747 1060 4798 r
1086 4744 1126 4798 at
1142 4719 1293 4826 furoris
1318 4722 1553 4798 vocabulum
1584 4723 1756 4796 solemne
1780 4716 1831 4795 est
1853 4717 2056 4816 Propertio

304 4837 354 4914 de
379 4837 599 4917 vehementi
625 4861 774 4933 amore,
799 4857 845 4916 ut
869 4845 901 4931 1,
932 4861 992 4934 13,
1020 4863 1083 4922 ao.
1117 4847 1149 4934 Ι,
1174 4857 1214 4939 a,
1243 4861 1303 4934 u,
1328 4863 1544 4940 numquam
1575 4839 1624 4916 ab
1661 4863 1709 4917 eo
1724 4838 1891 4962 'dictum
1915 4839 1963 4914 de
1986 4837 2055 4912 ira
