5209 6217
323 1441 563 1582 Familiaris
603 1503 810 1603 expositio,
833 1503 896 1580 lio
932 1505 1036 1580 enim
1070 1499 1241 1602 inscripfi
1274 1505 1379 1578 bunc
1419 1501 1615 1593 libellum,
1652 1529 1739 1606 quo
1768 1505 1876 1609 sensu
1910 1512 2068 1604 ditatur,

326 1651 407 1700 non
434 1645 574 1700 temere
601 1643 776 1746 quaeret,
803 1624 871 1724 qui
896 1625 959 1700 vel
984 1625 1215 1698 Muretina
1203 1651 1246 1696 ιιι
1258 1624 1520 1712 Terentium,
1556 1627 1770 1714 Catullum,
1807 1631 2005 1705 Tibullum
2031 1653 2070 1707 et

321 1727 629 1854 Propertium
584 1747 657 1819 vel
663 1717 914 1846 qufiana
901 1769 958 1818 ιιι.
970 1743 1142 1818 Platonis
1169 1743 1412 1816 Phaedonem
1437 1761 1475 1816 et
1501 1742 1698 1818 ciceronis
1736 1747 1782 1820 de
1817 1766 1954 1822 natura
1980 1753 2069 1826 deo·

216 1955 232 1973 ὓ
323 1887 412 1938 rum
430 1862 550 1970 libros
576 1834 719 1940 scholia
737 1862 976 1954 meminerit:
1013 1861 1076 1938 sed
1102 1885 1170 1934 cur
1194 1859 1248 1933 ita
1270 1861 1536 1968 inscripserim,
1558 1862 1689 1958 paucis
1710 1865 1980 1960 explicandum
2006 1867 2066 1948 est.
2125 1941 2136 1956 ‚

323 1957 504 2056 Tractavi
530 1985 633 2056 enim
656 2006 728 2106 ¹per¹
753 1977 954 2056 hiemem
951 1980 1138 2115 proxima,
1162 1980 1397 2076 superiorem
1434 1981 1677 2078 Propertium
1714 1982 1758 2054 in
1785 1984 1923 2058 scholis
1951 1989 2100 2081 Semip

294 2101 425 2188 =narii
439 2097 724 2202 philologici.
741 2125 835 2198 quae
861 2118 1047 2198 quatenus
1074 2099 1116 2172 in
1142 2096 1437 2195 interpretandis
1470 2117 1644 2172 veterum
1665 2098 1830 2198 scriptis
1856 2103 2066 2202 versantur,
2135 2184 2139 2190 ,

323 2221 377 2294 ιιι
394 2213 527 2297 solent
553 2245 669 2321 ame
681 2215 862 2307 institui,
888 2237 934 2292 ut
966 2243 1048 2290 non
1086 2233 1262 2290 tantum
1273 2241 1370 2313 quae
1402 2219 1548 2314 prolata
1576 2216 1736 2290 suntab
1772 2244 1841 2305 eo,
1880 2221 1928 2293 ad
1953 2249 2068 2320 quem

323 2337 467 2410 mainus
493 2339 771 2434 interpretandi
793 2335 929 2432 rediit,
954 2335 1125 2432 primum
1152 2335 1301 2410 censere
1325 2333 1470 2407 sodales
1503 2335 1675 2422 iubeam,
1715 2337 1852 2412 deinde
1886 2339 1967 2434 ipse
2004 2342 2069 2414 ad·

324 2453 402 2526 dita
429 2453 575 2552 epicrili
601 2453 793 2543 censeam,
833 2452 895 2526 sed
927 2471 973 2525 ut
1005 2452 1165 2526 subinde
1200 2453 1316 2525 etiam
1353 2454 1399 2525 de
1431 2452 1551 2539 locis,
1587 2455 1656 2550 qui
1692 2453 1912 2528 difficultate
1939 2460 2067 2554 aliqua
2096 2453 2107 2475 ’

322 2573 526 2658 laborant,
567 2569 800 2670 quaestiones
834 2597 1031 2659 moveam,
1068 2595 1205 2667 easque
1241 2569 1330 2642 dato
1366 2569 1413 2642 ad
1446 2569 1734 2646 deliberandum
1768 2573 1889 2659 tridui
1906 2621 1910 2626 ι
1926 2579 2067 2673 quatri·

325 2689 442 2764 duive
478 2690 620 2787 spatio,
667 2685 929 2785 disceptandas
964 2689 1172 2763 iuvenibus
1211 2683 1325 2785 atque
1358 2686 1621 2762 diiudicandas
1657 2692 1909 2763 committam.
1962 2701 2070 2778 Haec,

322 2809 431 2882 enim
455 2807 577 2895 ratio,
614 2785 714 2906 quae
736 2809 1079 2886 Grammaticorum
1104 2824 1286 2894 ¹veterum
1321 2810 1525 2902 ἀπορήματα
1560 2804 1740 2888 ethilaus
1775 2809 1838 2881 sed
1871 2811 2065 2886 liberalius

325 2943 440 3024 atque
474 2925 613 2998 utilius
647 2927 837 3012 imitatur,
875 2949 953 3000 una
987 2925 1083 2998 mihi
1119 2925 1272 3000 ridetur
1308 2922 1517 3021 potillima‚
1560 2923 1705 3000 scholas
1739 2929 1943 3022 practices,
1972 2955 2064 3028 quas
2187 2917 2198 2940 ⁸

323 3043 440 3120 hodie
464 3062 609 3118 vocant
633 3061 671 3118 et
695 3061 806 3118 tanto
831 3061 946 3142 opere
973 3041 1264 3128 commendant,
1281 3041 1331 3114 sic
1356 3043 1576 3138 applicandi
1601 3043 1648 3116 ad
1673 3041 1793 3117 studia
1818 3047 2063 3145 philologius,

316 3178 436 3254 ,tat-et
452 3159 681 3257 discrepent
701 3163 761 3236 ab*
774 3163 943 3248 exilitate
969 3157 1268 3235 scholasticarum
1295 3162 1628 3248 exercitationum,
1656 3179 1694 3234 et
1721 3164 1943 3236 examinum
1967 3162 2066 3238 fasti·

315 3279 387 3360 dia
420 3277 631 3376 deritent,¹
650 3297 690 3354 et
725 3279 1002 3354 academiarum
1035 3278 1192 3354 consilio
1227 3301 1270 3352 ao
1303 3278 1486 3378 dignitati
1521 3280 1767 3354 conveniant.
1831 3284 2066 3357 Examinum

173 3458 180 3467 .
240 3405 242 3410 '
316 3399 429 3486 enim
452 3397 725 3488 innacademiis
751 3401 850 3477 male
884 3398 1125 3496 auspicatum
1150 3395 1384 3470 vocabulum
1417 3392 1486 3483 est,
1524 3396 1771 3496 incognitum
1803 3397 1876 3470 hae
1906 3400 2064 3537 quidem

320 3515 599 3615 significatione
626 3534 664 3589 et
688 3518 910 3606 inauditum
932 3517 1144 3604 veteribus,
1183 3515 1252 3612 qui
1278 3515 1324 3588 ab
1350 3515 1430 3610 ipsa
1456 3538 1608 3612 quoque
1633 3537 1673 3588 re
1697 3516 1857 3615 ingenio
1883 3535 1922 3590 et
1946 3518 2064 3592 mori·

318 3635 395 3726 ,bru
423 3633 501 3728 suis
527 3635 770 3710 vehementer
796 3637 1094 3711 abhorrebant..
1124 3639 1364 3730 Quapropter
1389 3631 1575 3720 Wolfius,
1602 3633 1917 3731 quotiescumque
1941 3634 2063 3715 novds
2141 3678 2145 3688 ι

195 3753 199 3762 “
318 3736 470 3846 scholas
498 3751 735 3842 ordiebatur,
774 3757 827 3830 ita
852 3753 1014 3850 praefati
1035 3752 1201 3840 solebat,
1236 3751 1407 3847 perverse
1432 3747 1577 3824 studere
1603 3775 1689 3838 eos,
1726 3751 1795 3848 qui
1820 3753 2066 3830 examinibus

315 3851 520 3965 fiudeanm
547 3889 647 3946 reete
671 3868 834 3960 studere,
860 3875 927 3970 qui
954 3871 1021 3950 sibi
1046 3890 1084 3945 et
1108 3875 1219 3944 vitae.
1271 3875 1370 3942 Sunt
1402 3886 1530 3941 autem
1555 3869 1664 3956 illae,
1700 3893 1794 3966 quas
1828 3871 1930 3956 dixi,
1965 3869 2061 3946 diffi-

317 3991 483 4078 caritates
510 3985 589 4060 fere
615 4013 663 4062 ex
689 3990 821 4064 critico
849 4013 995 4089 genere,
1023 3989 1205 4062 oriundae
1231 4013 1278 4060 ex
1303 3987 1635 4082 depravationibus
1660 3986 1927 4072 librariorum,
1954 4013 2060 4086 quas,

314 4107 646 4204 quemadmodum
671 4132 760 4185 vere
785 4107 969 4184 iudicavit
994 4107 1266 4194 Ruhnkenius,
1301 4106 1464 4200 reperire
1498 4088 1695 4176 interdum
1719 4105 1808 4201 plus
1834 4108 1982 4204 negotii
2007 4107 2062 4182 fa·

270 4287 273 4294 .
318 4221 449 4320 adlit,
470 4249 586 4325 quam
611 4245 775 4322 repertas
802 4233 952 4316 tollere,
970 4225 1198 4324 praesertim
1222 4225 1292 4296 ubi
1317 4222 1497 4296 mendosa
1523 4221 1706 4318 scriptura
1731 4223 1970 4296 tolerabilem
1994 4252 2061 4302 ne·

312 4367 397 4439 :que
423 4341 489 4416 abs
515 4369 555 4416 re
582 4342 849 4419 abhorrentem
882 4347 1027 4422 sensum
1064 4343 1190 4424 efficit.
1261 4343 1370 4416 Talia
1406 4365 1526 4437 quum
1560 4339 1648 4414 satis
1681 4337 1727 4412 lit
1751 4339 1911 4416 eruditis
1938 4325 2074 4426 obiter
2131 4370 2133 4376 ’

316 4457 528 4554 mensuare
554 4462 597 4532 in
624 4464 742 4550 notis,
769 4485 865 4561 quae
889 4461 1294 4562 typisexscribuntur,
1322 4480 1361 4534 et
1382 4459 1671 4534 emendationes
1689 4459 1853 4545 breviter
1870 4459 2061 4557 proferret

319 4577 365 4651 in
392 4578 530 4656 scholis
557 4582 733 4676 practicis
759 4584 920 4658 lentiore
939 4585 1057 4682 gradu
1076 4578 1366 4678 'procedendum
1382 4574 1443 4667 est,
1470 4602 1512 4650 ao
1528 4579 1635 4674 saepe
1651 4601 1719 4673 per
1735 4561 1928 4652 anfractus
1948 4603 2061 4675 quae·
2114 4637 2119 4650 .

318 4695 435 4768 aenda
460 4697 545 4785 ria,
575 4725 679 4798 ‚quae
712 4700 918 4774 adrerum
952 4703 1226 4776 inveniendum
1264 4700 1400 4772 ducere
1432 4698 1616 4791 videatur.
1681 4693 1789 4768 Aeli
1815 4720 1949 4769 verum
1976 4705 2061 4770 uon

320 4813 535 4904 inveneris,
563 4835 711 4911 tamen,
738 4823 806 4896 ubi
832 4819 924 4896 iusta
951 4815 1202 4920 investigandi
1225 4820 1323 4892 ratio
1350 4816 1562 4905 adhibetur,
1591 4839 1664 4914 qua
1688 4811 1836 4914 singula
1865 4833 2061 4890 momenta

1568 4935 1602 5006 A
1630 4957 1652 5009 a
